<?xml version="1.0" encoding="UTF-8"?><collection xmlns="http://www.loc.gov/MARC21/slim"><record><leader>00494nam--2200157-i-4500</leader><controlfield tag="001">000020998</controlfield><controlfield tag="002">20161230</controlfield><controlfield tag="005">20161230201034</controlfield><controlfield tag="008">060222s1000------------r-----000-0-eng-d</controlfield><datafield ind1=" " ind2=" " tag="020"><subfield code="a">3-540-53</subfield></datafield><datafield ind1=" " ind2=" " tag="080"><subfield code="a">530.145.1(061.3)</subfield></datafield><datafield ind1=" " ind2=" " tag="245"><subfield code="a">Quantum probability and applications v. proceedings of the fourth workshop, held in heidelberg, frg, sept.26-30, 1988</subfield></datafield><datafield ind1=" " ind2=" " tag="260"><subfield code="a">Berlin, Springer-verlag, 1990. 413 P</subfield></datafield><datafield ind1=" " ind2=" " tag="490"><subfield code="a">Lecture Notes In Mathematics</subfield></datafield><datafield ind1=" " ind2=" " tag="700"><subfield code="a">Accardi, L./S.A.</subfield></datafield><datafield ind1=" " ind2=" " tag="852"><subfield code="a">80302</subfield></datafield></record></collection>